
@ARTICLE{gramajo_combined_2010,
   author = {{Gramajo}, L.~V. and {Whitney}, B.~A. and {G{\'o}mez}, M. and 
	{Robitaille}, T.~P.},
    title = "{Combined Analysis of Images and Spectral Energy Distributions of Taurus Protostars}",
  journal = {AJ},
 keywords = {circumstellar matter, infrared: stars, stars: formation, stars: imaging},
     year = 2010,
    month = jun,
   volume = 139,
    pages = {2504-2524},
      doi = {10.1088/0004-6256/139/6/2504},
   adsurl = {http://adsabs.harvard.edu/abs/2010AJ....139.2504G},
  adsnote = {Provided by the SAO/NASA Astrophysics Data System}
}


